%% --Journal abbreviations---------------------------------------------
%%   Abbreviated journal titles

@string(acp = {Atmos. Chem. Phys.})
@string(acpd = {Atmos. Chem. Phys. Discuss.})
@string(atenv = {Atmos. Environ.})
@string(amt = {Atmos. Meas. Tech.})
@string(amt = {Atmos. Meas. Tech. Discuss.})

@string(blmet = {Boundary Layer Meteorol.})

@string(envst = {Environ. Sci. Technol.})
@string(envstl = {Environ. Sci. Technol. Lett.})

@string(grl = {Geophy. Res. Lett.})

@string(jaot = {Journal of Atmospheric and Oceanic Technology})
@string(jas = {Journal of the atmospheric sciences})
@string(jgr = {Journal of Geophysical Research-Atmospheres})
@string(jmsj = {J. Meteor. Soc. Japan})

@string(pnas = {Proc. Natl. Acad. Sci. U.S.A.})

@string(qjrms = {Q. J. R. Meteorolog. Soc.})
