%% --Journal abbreviations---------------------------------------------
%%   Full journal titles

@string(aas = {Advances in Atmospheric Sciences})
@string(acp = {Atmospheric Chemistry and Physics})
@string(acpd = {Atmospheric Chemistry and Physics Discussions})
@string(afmet = {Agricultural and Forest Meteorology})
@string(atenv = {Atmospheric Environment})
@string(amt = {Atmospheric Measurement Techniques})
@string(amtd = {Atmospheric Measurement Techniques Discussions})

@string(blmet = {Boundary-Layer Meteorology})

@string(ecapp = {Ecological Applications})
@string(envpol = {Environmental Pollution})
@string(envrl = {Environmental Research Letters})
@string(envst = {Environmental Science \& Technology})
@string(envstl = {Environmental Science \& Technology Letters})
@string(euresj = {European Respiratory Journal})

@string(faradayd = {Faraday Discussions})

@string(gmdev = {Geoscientific Model Development})
@string(grl = {Geophysical Research Letters})

@string(iagp = {International Agrophysics})

@string(jaot = {Journal of Atmospheric and Oceanic Technology})
@string(jas = {Journal of the atmospheric sciences})
@string(jgr = {Journal of Geophysical Research-Atmospheres})
@string(jmsj = {Journal of the Meteorological Society of Japan})

@string(pnas = {Proceedings of the National Academy of Sciences})

@string(qjrms = {Quarterly Journal of the Royal Meteorological Society})

@string(scirep = {Scientific Reports})