@article{article-01,
   author = "Aliceperson, Alice and {Bob Person}, Bob",
   title = "Article about some really complex reactions and equations: Part {A}",
   journal = jgr,
   volume = 118,
   number = 4,
   pages = "2041--2057",
   DOI = "10.1002/jgrd.50059",
   year = 2013}

@book{book-01,
   author = "Fred Fredperson",
   title = "My life in 100 words",
   publisher = "Fred (obvs)",
   address = "Over the hill and far away",
   year = 1892}
